<record><leader>00000cas a22000007a 4500</leader><controlfield tag="001">9364539</controlfield><controlfield tag="008">830331d19021912ksudr ne      0    0eng d</controlfield><datafield ind1=" " ind2=" " tag="010"><subfield code="a">sn 83040057 </subfield></datafield><datafield ind1=" " ind2=" " tag="040"><subfield code="a">KSH</subfield><subfield code="b">eng</subfield><subfield code="c">KSH</subfield><subfield code="d">NPT</subfield><subfield code="d">OCL</subfield><subfield code="d">OCLCQ</subfield></datafield><datafield ind1=" " ind2=" " tag="042"><subfield code="a">msc</subfield></datafield><datafield ind1=" " ind2=" " tag="043"><subfield code="a">n-us-ks</subfield></datafield><datafield ind1="0" ind2="0" tag="245"><subfield code="a">Garnett evening news.</subfield></datafield><datafield ind1=" " ind2=" " tag="260"><subfield code="a">Garnett, Kan. :</subfield><subfield code="b">News Pub. Co.,</subfield><subfield code="c">-1912.</subfield></datafield><datafield ind1=" " ind2=" " tag="300"><subfield code="a">v. :</subfield><subfield code="b">ill. ;</subfield><subfield code="c">56 cm.</subfield></datafield><datafield ind1=" " ind2=" " tag="310"><subfield code="a">Daily (except Sun.)</subfield></datafield><datafield ind1="0" ind2=" " tag="362"><subfield code="a">-v. 8, no. 218 (May 11, 1912).</subfield></datafield><datafield ind1="1" ind2=" " tag="362"><subfield code="a">Began in 1902?</subfield></datafield><datafield ind1=" " ind2=" " tag="500"><subfield code="a">Editor: Horace P. Schell.</subfield></datafield><datafield ind1=" " ind2=" " tag="515"><subfield code="a">Suspended Sept.-July 1903.</subfield></datafield><datafield ind1=" " ind2=" " tag="588"><subfield code="a">Description based on: Vol. 1, no. 8 (Feb. 4, 1902).</subfield></datafield><datafield ind1="1" ind2=" " tag="700"><subfield code="a">Schell, Horace P.</subfield></datafield><datafield ind1=" " ind2=" " tag="752"><subfield code="a">United States</subfield><subfield code="b">Kansas</subfield><subfield code="c">Anderson</subfield><subfield code="d">Garnett.</subfield></datafield><datafield ind1="0" ind2="7" tag="785"><subfield code="t">Evening review (Garnett, Kan.)</subfield><subfield code="w">(DLC)sn 83040056</subfield></datafield><datafield ind1="0" ind2="7" tag="785"><subfield code="t">Evening review and Garnett evening news</subfield><subfield code="w">(DLC)sn 83040058</subfield></datafield></record>